<record><leader>00000cas a2200000 a 4500</leader><controlfield tag="001">15993111</controlfield><controlfield tag="008">870617d18971897vtuwr ne      0    0eng d</controlfield><datafield ind1=" " ind2=" " tag="010"><subfield code="a">sn 87090532 </subfield></datafield><datafield ind1=" " ind2=" " tag="040"><subfield code="a">PPM</subfield><subfield code="b">eng</subfield><subfield code="c">PPM</subfield><subfield code="d">NVN</subfield><subfield code="d">OCLCQ</subfield><subfield code="d">OCLCF</subfield><subfield code="d">OCLCO</subfield></datafield><datafield ind1="1" ind2=" " tag="029"><subfield code="a">AU@</subfield><subfield code="b">000025826826</subfield></datafield><datafield ind1=" " ind2=" " tag="042"><subfield code="a">msc</subfield></datafield><datafield ind1=" " ind2=" " tag="043"><subfield code="a">n-us-vt</subfield></datafield><datafield ind1="0" ind2=" " tag="130"><subfield code="a">Vergennes citizen (Vergennes, Vt. : 1897)</subfield></datafield><datafield ind1="1" ind2="4" tag="245"><subfield code="a">The Vergennes citizen.</subfield></datafield><datafield ind1=" " ind2=" " tag="260"><subfield code="a">Vergennes, Vt. :</subfield><subfield code="b">William Palmer</subfield></datafield><datafield ind1=" " ind2=" " tag="310"><subfield code="a">Weekly</subfield></datafield><datafield ind1="1" ind2=" " tag="362"><subfield code="a">Began in 1897?</subfield></datafield><datafield ind1="0" ind2=" " tag="362"><subfield code="a">-v. 1, no. 26 (Nov. 11, 1897).</subfield></datafield><datafield ind1=" " ind2=" " tag="580"><subfield code="a">Merged with: Vergennes Vermonter (Vergennes, Vt. : 1862) to form: Vergennes Vermonter and citizen.</subfield></datafield><datafield ind1=" " ind2=" " tag="588"><subfield code="a">Description based on: No. 3 (May 27, 1897).</subfield></datafield><datafield ind1=" " ind2="0" tag="651"><subfield code="a">Vergennes (Vt.)</subfield><subfield code="v">Newspapers.</subfield></datafield><datafield ind1=" " ind2="0" tag="651"><subfield code="a">Vermont</subfield><subfield code="v">Newspapers.</subfield></datafield><datafield ind1=" " ind2="7" tag="655"><subfield code="a">Newspapers.</subfield><subfield code="2">fast</subfield><subfield code="0">(OCoLC)fst01423814</subfield></datafield><datafield ind1=" " ind2="7" tag="651"><subfield code="a">Vermont.</subfield><subfield code="2">fast</subfield><subfield code="0">(OCoLC)fst01204305</subfield></datafield><datafield ind1=" " ind2="7" tag="651"><subfield code="a">Vermont</subfield><subfield code="z">Vergennes.</subfield><subfield code="2">fast</subfield><subfield code="0">(OCoLC)fst01214454</subfield></datafield><datafield ind1=" " ind2=" " tag="752"><subfield code="a">United States</subfield><subfield code="b">Vermont</subfield><subfield code="c">Addison</subfield><subfield code="d">Vergennes.</subfield></datafield><datafield ind1="1" ind2="7" tag="785"><subfield code="t">Vergennes Vermonter (Vergennes, Vt. : 1862)</subfield><subfield code="w">(DLC)sn 99067846</subfield><subfield code="w">(OCoLC)40780854</subfield></datafield><datafield ind1="1" ind2="7" tag="785"><subfield code="t">Vergennes Vermonter and citizen</subfield><subfield code="w">(DLC)sn 98060184</subfield><subfield code="w">(OCoLC)40132631</subfield></datafield></record>